@techreport{CC,
  Author =       {F. F{\'e}lix Lara Mart{\'\i}n},
  Institution =  {Univ. de Sevilla},
  Note =         {En
                  \href{http://www.cs.us.es/cursos/cc-2018/Tema-03.pdf}
                  {\url{http://www.cs.us.es/cursos/cc-2018/Tema-03.pdf}}},
  Title =        {Temas 3 de ``{C}iencias de la computaci{\'o}n
                  (2018--19)'': Funciones recursivas},
  Year =         2019
}

@techreport{LMF,
  Author =       {Jos{\'e} A. Alonso},
  Institution =  {Univ. de Sevilla},
  Note =         {En
                  \href{https://www.cs.us.es/~jalonso/cursos/lmf-18/temas.php}
                  {\url{https://www.cs.us.es/~jalonso/cursos/lmf-18/temas.php}}},
  Title =        {Temas de ``{L}{\'o}gica matem{\'a}tica y fundamentos
                  (2018--19)''},
  Year =         2019
}

@misc{articulo,
  Author =       {Angeliki Koutsoukou-Argyraki},
  Note =         {En
                  \href{https://www.researchgate.net/publication/334549483_formalising_mathematis_-in_praxis_a_mathematician's_first_experiences_with_isabellehol_and_the_why_and_how_of_getting_started}
                  {\url{https://www.researchgate.net/publication/334549483_formalising_mathematis_-in_praxis_a_mathematician's_first_experiences_with_isabellehol_and_the_why_and_how_of_getting_started}}},
  Title =        {Formalising {M}athematics -in praxis},
  Year =         2019
}

@techreport{automatic,
  Author =       {John Harrison},
  Note =         {En
                  \href{https://www.cl.cam.ac.uk/~jrh13/slides/lyon-03feb14/slides.pdf}
                  {\url{https://www.cl.cam.ac.uk/~jrh13/slides/lyon-03feb14/slides.pdf}}},
  Title =        {An overview of automated reasoning},
  Year =         2014
}

@techreport{coq,
  Author =       {Floris van Doorn},
  Note =         {En \href{https://arxiv.org/abs/1503.08744}
                  {\url{https://arxiv.org/abs/1503.08744}}},
  Title =        {Propositional {C}alculus in {C}oq},
  Year =         2015
}


@misc{escribir,
  Author =       {Dr. Kevin P. Lee},
  Note =         {En
                  \href{http://cc.kangwon.ac.kr/~kimoon/me/me-132/math-writing.pdf}
                  {\url{http://cc.kangwon.ac.kr/~kimoon/me/me-132/math-writing.pdf}}},
  Title =        {A {G}uide to {W}riting {M}athematics}
}

@book{fitting1996first,
  Author =       {Fitting, M.},
  Isbn =         9780387945934,
  Lccn =         95045225,
  Publisher =    {Springer},
  Series =       {Graduate texts in computer science},
  Title =        {First-order Logic and Automated Theorem Proving},
  Year =         1996
}

@book{gamut,
  Author =       {Gamut, L.T.F},
  Isbn =         9789502312248,
  Publisher =    {Editorial Universitaria de Buenos Aires},
  Title =        {Introducción a la lógica},
  Year =         2002
}

@misc{implementation,
  Author =       {Makarius Wenzel},
  Note =         {En
                  \href{https://isabelle.in.tum.de/website-Isabelle2019/dist/Isabelle2019/doc/implementation.pdf}
                  {\url{https://isabelle.in.tum.de/website-Isabelle2019/dist/Isabelle2019/doc/implementation.pdf}}},
  Title =        {The {I}sabelle/{I}sar {I}mplementation},
  Year =         2019
}

@TechReport{intro,
  author =       {Computer Laboratory, Lawrence C. Paulson},
  Institution =  {University of Cambridge},
  note =         {En
                  \href{https://isabelle.in.tum.de/website-Isabelle2019/dist/Isabelle2019/doc/intro.pdf}
                  {\url{https://isabelle.in.tum.de/website-Isabelle2019/dist/Isabelle2019/doc/intro.pdf}}},
  title =        {Old {I}ntroduction to {I}sabelle},
  year =         2019
}

@misc{isar,
  Author =       {Makarius Wenzel},
  Note =         {En
                  \href{https://isabelle.in.tum.de/website-Isabelle2019/dist/Isabelle2019/doc/isar-ref.pdf}
                  {\url{https://isabelle.in.tum.de/website-Isabelle2019/dist/Isabelle2019/doc/isar-ref.pdf}}},
  Title =        {The {I}sabelle/{I}sar {R}eference {M}anual},
  Year =         2019
}

@misc{main,
  Author =       {Tobias Nipkow},
  Note =         {En
                  \href{https://isabelle.in.tum.de/website-Isabelle2019/dist/Isabelle2019/doc/main.pdf}
                  {\url{https://isabelle.in.tum.de/website-Isabelle2019/dist/Isabelle2019/doc/main.pdf}}},
  Title =        {What's in {M}ain},
  Year =         2019
}

@techreport{modal,
  Author =       {Christian Doczkal and Gert Smolka},
  Note =         {En
                  \href{http://www.cs.ru.nl/~spitters/coqw_files/paper_1.pdf}
                  {\url{http://www.cs.ru.nl/~spitters/coqw_files/paper_1.pdf}}},
  Title =        {Constructive {F}ormalization of {C}lassical {M}odal
                  {L}ogic},
  Year =         2011
}

@techreport{proofsystems,
  Author =       {Julius Michaelis and Tobias Nipkow},
  Note =         {En
                  \href{https://www.isa-afp.org/browser_info/current/AFP/Propositional_Proof_Systems/document.pdf}
                  {\url{https://www.isa-afp.org/browser_info/current/AFP/Propositional_Proof_Systems/document.pdf}}},
  Title =        {Propositional {P}roof {S}ystems},
  Year =         2020
}

@book{tutorial,
  Author =       {Tobias Nipkow, Lawrence C. Paulson and Markus Wenzel},
  Note =         {En
                  \href{https://isabelle.in.tum.de/website-Isabelle2019/dist/Isabelle2019/doc/tutorial.pdf}
                  {\url{https://isabelle.in.tum.de/website-Isabelle2019/dist/Isabelle2019/doc/tutorial.pdf}}},
  Publisher =    {Lecture Notes in Computer Science, Vol. 2283,
                  Springer--Verlag},
  Title =        {Isabelle/HOL: A proof assistant for {H}igher--{O}rder
                  {L}ogic},
  Year =         2019
}
